<record><leader>00000cas a2200000 a 4500</leader><controlfield tag="001">34353761</controlfield><controlfield tag="008">960313c19uu9999nmumr n       0    0eng d</controlfield><datafield ind1=" " ind2=" " tag="010"><subfield code="a">sn 96083042 </subfield></datafield><datafield ind1=" " ind2=" " tag="040"><subfield code="a">IQU</subfield><subfield code="b">eng</subfield><subfield code="c">IQU</subfield><subfield code="d">NVM</subfield><subfield code="d">OCL</subfield><subfield code="d">OCLCQ</subfield><subfield code="d">OCLCO</subfield></datafield><datafield ind1="1" ind2=" " tag="029"><subfield code="a">AU@</subfield><subfield code="b">000012367258</subfield></datafield><datafield ind1=" " ind2=" " tag="042"><subfield code="a">msc</subfield></datafield><datafield ind1=" " ind2=" " tag="043"><subfield code="a">n-us-nm</subfield></datafield><datafield ind1=" " ind2=" " tag="090"><subfield code="a">AN2</subfield><subfield code="b">.S542</subfield></datafield><datafield ind1="0" ind2=" " tag="130"><subfield code="a">Sign post (Placitas, N.M.)</subfield></datafield><datafield ind1="1" ind2="0" tag="245"><subfield code="a">Sign post :</subfield><subfield code="b">with Placitas/Bernalillo area news.</subfield></datafield><datafield ind1="3" ind2="0" tag="246"><subfield code="a">Signpost</subfield></datafield><datafield ind1=" " ind2=" " tag="260"><subfield code="a">Placitas, N.M. :</subfield><subfield code="b">T. &amp; B. Belknap</subfield></datafield><datafield ind1=" " ind2=" " tag="300"><subfield code="a">v. :</subfield><subfield code="b">ill. ;</subfield><subfield code="c">38 cm.</subfield></datafield><datafield ind1=" " ind2=" " tag="310"><subfield code="a">Monthly</subfield></datafield><datafield ind1=" " ind2=" " tag="580"><subfield code="a">Issued with: Sandoval arts.</subfield></datafield><datafield ind1=" " ind2=" " tag="588"><subfield code="a">Description based on: Vol. 6, no. 10 (Oct. 1995); title from masthead.</subfield></datafield><datafield ind1=" " ind2="0" tag="651"><subfield code="a">Placitas (N.M.)</subfield><subfield code="v">Newspapers.</subfield></datafield><datafield ind1=" " ind2="0" tag="651"><subfield code="a">Sandoval County (N.M.)</subfield><subfield code="v">Newspapers.</subfield></datafield><datafield ind1="0" ind2="2" tag="730"><subfield code="a">Sandoval arts.</subfield></datafield><datafield ind1=" " ind2=" " tag="752"><subfield code="a">United States</subfield><subfield code="b">New Mexico</subfield><subfield code="c">Sandoval</subfield><subfield code="d">Placitas.</subfield></datafield></record>